<record><leader>00000cas a22000001  4500</leader><controlfield tag="001">32357191</controlfield><controlfield tag="007">hd afb016baca</controlfield><controlfield tag="007">hd bfb016baaa</controlfield><controlfield tag="008">950424u1932uuuunyusr n a     0    0eng c</controlfield><datafield ind1=" " ind2=" " tag="010"><subfield code="a">sn 94089332 </subfield></datafield><datafield ind1=" " ind2=" " tag="040"><subfield code="a">NN</subfield><subfield code="b">eng</subfield><subfield code="c">RQM</subfield><subfield code="d">DLC</subfield><subfield code="d">OCLCQ</subfield></datafield><datafield ind1=" " ind2=" " tag="012"><subfield code="i">9502</subfield></datafield><datafield ind1=" " ind2=" " tag="042"><subfield code="a">pcc</subfield></datafield><datafield ind1="0" ind2="4" tag="245"><subfield code="a">The American liberal =</subfield><subfield code="b">a non-partisan newspaper.</subfield></datafield><datafield ind1=" " ind2=" " tag="260"><subfield code="a">New York.</subfield></datafield><datafield ind1=" " ind2=" " tag="300"><subfield code="a">volumes</subfield><subfield code="c">54 cm</subfield></datafield><datafield ind1=" " ind2=" " tag="310"><subfield code="a">Semimonthly</subfield></datafield><datafield ind1=" " ind2=" " tag="336"><subfield code="a">text</subfield><subfield code="b">txt</subfield><subfield code="2">rdacontent</subfield></datafield><datafield ind1=" " ind2=" " tag="337"><subfield code="a">microform</subfield><subfield code="b">h</subfield><subfield code="2">rdamedia</subfield></datafield><datafield ind1=" " ind2=" " tag="338"><subfield code="a">microfilm reel</subfield><subfield code="b">hd</subfield><subfield code="2">rdacarrier</subfield></datafield><datafield ind1="0" ind2=" " tag="362"><subfield code="a">v. 1, no. 1- ; Dec. 1932-</subfield></datafield><datafield ind1=" " ind2=" " tag="533"><subfield code="a">Microfilm.</subfield><subfield code="m">v.1,no. 1-23 (Dec. 1932-Nov. 1,1933)</subfield><subfield code="b">New York :</subfield><subfield code="c">New York Public Library,</subfield><subfield code="d">[19--].</subfield><subfield code="e">1 microfilm reel ; 35 mm.</subfield></datafield><datafield ind1=" " ind2=" " tag="850"><subfield code="a">NN</subfield><subfield code="a">NN (master)</subfield></datafield><datafield ind1="1" ind2=" " tag="029"><subfield code="a">AU@</subfield><subfield code="b">000025852471</subfield></datafield></record>